@online{vuejs,
    author = {Vue.js},
    title = {{Vue.js} The Progressive JavaScript Framework},
    year = 2018,
    url = {https://vuejs.org/},
    urldate = {2018-05-10}
}
@online{django,
    author = {Django},
    title = {{Django} The Web framework for perfectionists with deadlines},
    year = 2018,
    url = {https://www.djangoproject.com/},
    urldate = {2018-05-10}
}
@online{postgre,
    author = {PostgreSQL},
    title = {{PostgreSQL} The World's Most Advanced Open Source Relational Database},
    year = 2018,
    url = {https://www.postgresql.org/},
    urldate = {2018-05-10}
}
@online{nodejs,
    author = {Node.js},
    title = {{Node.js}},
    year = 2018,
    url = {https://nodejs.org/},
    urldate = {2018-05-10}
}
@online{docker,
    author = {Docker},
    title = {{Docker} Build, Ship, and Run Any App, Anywhere},
    year = 2018,
    url = {https://www.docker.com/},
    urldate = {2018-05-10}
}
